[gd_scene load_steps=7 format=2]

[ext_resource path="res://kerno/fenestroj/tipo_d1.tscn" type="PackedScene" id=1]
[ext_resource path="res://blokoj/items/scriptoj/items_menuo.gd" type="Script" id=2]
[ext_resource path="res://kerno/menuo/resursoj/icons/tab2a.png" type="Texture" id=3]
[ext_resource path="res://kerno/menuo/resursoj/icons/tab3a.png" type="Texture" id=4]
[ext_resource path="res://kerno/menuo/resursoj/icons/tab1a.png" type="Texture" id=5]
[ext_resource path="res://blokoj/items/items_tree.gd" type="Script" id=6]

[node name="items_menuo" instance=ExtResource( 1 )]
script = ExtResource( 2 )

[node name="VBox" parent="." index="0"]
margin_right = 400.0
margin_bottom = 400.0

[node name="HBox_top" parent="VBox" index="0"]
margin_right = 400.0

[node name="top_texture2" parent="VBox/HBox_top" index="1"]
margin_right = 400.0

[node name="HBox_buttons" parent="VBox/HBox_top/top_texture2" index="0"]
anchor_left = -3.22258e-12
anchor_right = 1.0
margin_right = 1.0

[node name="menuo_name" parent="VBox/HBox_top/top_texture2/HBox_buttons" index="0"]
margin_right = 356.0
text = "Имущество"

[node name="Button_fix" parent="VBox/HBox_top/top_texture2/HBox_buttons" index="1"]
visible = false

[node name="Button_" parent="VBox/HBox_top/top_texture2/HBox_buttons" index="2"]
visible = false

[node name="Button_full" parent="VBox/HBox_top/top_texture2/HBox_buttons" index="3"]
visible = false

[node name="Button_x" parent="VBox/HBox_top/top_texture2/HBox_buttons" index="4"]
margin_left = 360.0
margin_right = 379.0

[node name="body_texture" parent="VBox" index="1"]
margin_right = 400.0
margin_bottom = 378.0

[node name="HSplit" parent="VBox/body_texture" index="1"]
custom_constants/autohide = 0

[node name="VBoxContainer" type="VBoxContainer" parent="VBox/body_texture/HSplit" index="0"]
margin_right = 210.0
margin_bottom = 344.0
size_flags_horizontal = 3

[node name="HBoxContainer" type="HBoxContainer" parent="VBox/body_texture/HSplit/VBoxContainer" index="0"]
margin_right = 210.0
margin_bottom = 23.0
alignment = 2

[node name="Label" type="Label" parent="VBox/body_texture/HSplit/VBoxContainer/HBoxContainer" index="0"]
margin_top = 3.0
margin_right = 65.0
margin_bottom = 20.0
size_flags_horizontal = 9
text = "Фильтр:"

[node name="Button" type="Button" parent="VBox/body_texture/HSplit/VBoxContainer/HBoxContainer" index="1"]
margin_left = 69.0
margin_right = 99.0
margin_bottom = 23.0
rect_min_size = Vector2( 30, 0 )
icon = ExtResource( 5 )
flat = true
align = 2
expand_icon = true
__meta__ = {
"_edit_use_anchors_": false
}

[node name="Button2" type="Button" parent="VBox/body_texture/HSplit/VBoxContainer/HBoxContainer" index="2"]
margin_left = 103.0
margin_right = 133.0
margin_bottom = 23.0
rect_min_size = Vector2( 30, 0 )
icon = ExtResource( 3 )
flat = true
align = 2
expand_icon = true
__meta__ = {
"_edit_use_anchors_": false
}

[node name="Button3" type="Button" parent="VBox/body_texture/HSplit/VBoxContainer/HBoxContainer" index="3"]
margin_left = 137.0
margin_right = 167.0
margin_bottom = 23.0
rect_min_size = Vector2( 30, 0 )
icon = ExtResource( 4 )
flat = true
align = 2
expand_icon = true
__meta__ = {
"_edit_use_anchors_": false
}

[node name="Button4" type="Button" parent="VBox/body_texture/HSplit/VBoxContainer/HBoxContainer" index="4"]
margin_left = 171.0
margin_right = 210.0
margin_bottom = 23.0
size_flags_horizontal = 9
text = "Всё"
flat = true
align = 2
expand_icon = true
__meta__ = {
"_edit_use_anchors_": false
}

[node name="ItemList" type="ItemList" parent="VBox/body_texture/HSplit/VBoxContainer" index="1"]
visible = false
margin_top = 27.0
margin_right = 388.0
margin_bottom = 339.0
size_flags_horizontal = 3
size_flags_vertical = 3
items = [ "Элемент 0", ExtResource( 3 ), false, "Элемент 1", ExtResource( 4 ), false, "Элемент 2", ExtResource( 5 ), false, "Элемент 3", ExtResource( 3 ), false, "Элемент 4", null, false ]
allow_reselect = true
fixed_icon_size = Vector2( 15, 15 )

[node name="Tree" type="Tree" parent="VBox/body_texture/HSplit/VBoxContainer" index="2"]
margin_top = 27.0
margin_right = 210.0
margin_bottom = 344.0
size_flags_horizontal = 3
size_flags_vertical = 3
allow_reselect = true
allow_rmb_select = true
script = ExtResource( 6 )

[node name="ItemList2" type="ItemList" parent="VBox/body_texture/HSplit" index="1"]
margin_left = 222.0
margin_right = 388.0
margin_bottom = 344.0
size_flags_horizontal = 3
size_flags_vertical = 3

[node name="HBox_bottom" parent="VBox" index="2"]
margin_top = 378.0
margin_right = 400.0
margin_bottom = 400.0

[node name="bottom_texture1" parent="VBox/HBox_bottom" index="0"]
margin_right = 378.0

[node name="bottom_texture2" parent="VBox/HBox_bottom" index="1"]
margin_left = 378.0
margin_right = 400.0
