[gd_scene load_steps=4 format=2]

[ext_resource path="res://kerno/fenestroj/tipo_a1.tscn" type="PackedScene" id=1]
[ext_resource path="res://blokoj/profilo/skriptoj/profilo1.gd" type="Script" id=2]
[ext_resource path="res://blokoj/profilo/skriptoj/save_button.gd" type="Script" id=3]

[node name="profilo1" instance=ExtResource( 1 )]
script = ExtResource( 2 )

[node name="VBox" parent="." index="0"]
margin_right = 290.0
rect_min_size = Vector2( 290, 200 )

[node name="HBox_top" parent="VBox" index="0"]
margin_right = 290.0

[node name="top_texture2" parent="VBox/HBox_top" index="1"]
margin_right = 290.0

[node name="menuo_name" parent="VBox/HBox_top/top_texture2/HBox_buttons" index="0"]
margin_right = 245.0
text = "Профиль"

[node name="Button_fix" parent="VBox/HBox_top/top_texture2/HBox_buttons" index="1"]
visible = false

[node name="Button_" parent="VBox/HBox_top/top_texture2/HBox_buttons" index="2"]
visible = false

[node name="Button_full" parent="VBox/HBox_top/top_texture2/HBox_buttons" index="3"]
visible = false

[node name="Button_x" parent="VBox/HBox_top/top_texture2/HBox_buttons" index="4"]
margin_left = 249.0
margin_right = 268.0

[node name="body_texture" parent="VBox" index="1"]
margin_right = 290.0

[node name="resize_control" parent="VBox/body_texture" index="0"]
visible = false

[node name="NicknameLabel" type="Label" parent="VBox/body_texture" index="3"]
anchor_left = 0.491
anchor_right = 0.5
margin_left = -83.1094
margin_top = 12.37
margin_right = 80.2806
margin_bottom = 29.37
text = "Никнейм:"
align = 1
valign = 1
__meta__ = {
"_edit_use_anchors_": false
}

[node name="NicknameEdit" type="LineEdit" parent="VBox/body_texture" index="4"]
anchor_left = 0.5
anchor_right = 0.5
margin_left = -125.0
margin_top = 37.0
margin_right = 125.0
margin_bottom = 67.0
align = 1
__meta__ = {
"_edit_use_anchors_": false
}

[node name="NicknameErrorLabel" type="Label" parent="VBox/body_texture" index="5"]
visible = false
anchor_left = 0.5
anchor_top = 0.5
anchor_right = 0.5
anchor_bottom = 0.5
margin_left = -133.5
margin_top = -12.5
margin_right = 133.5
margin_bottom = 12.5
custom_colors/font_color = Color( 1, 0, 0, 1 )
text = "Никнейм не может быть пустым"
valign = 1
__meta__ = {
"_edit_use_anchors_": false
}

[node name="SaveButton" type="Button" parent="VBox/body_texture" index="6"]
anchor_left = 0.5
anchor_top = 0.954
anchor_right = 0.5
anchor_bottom = 0.954
margin_left = 22.428
margin_top = -30.062
margin_right = 122.428
margin_bottom = -0.0620117
text = " Сохранить"
script = ExtResource( 3 )
__meta__ = {
"_edit_use_anchors_": false
}

[node name="CancelButton" type="Button" parent="VBox/body_texture" index="7"]
anchor_left = 0.5
anchor_top = 0.954
anchor_right = 0.5
anchor_bottom = 0.954
margin_left = -123.0
margin_top = -30.062
margin_right = -19.572
margin_bottom = -0.0620117
text = "Отменить"
__meta__ = {
"_edit_use_anchors_": false
}

[node name="HBox_bottom" parent="VBox" index="2"]
margin_right = 290.0

[node name="bottom_texture1" parent="VBox/HBox_bottom" index="0"]
margin_right = 268.0

[node name="bottom_texture2" parent="VBox/HBox_bottom" index="1"]
margin_left = 268.0
margin_right = 290.0
[connection signal="visibility_changed" from="." to="." method="_on_profilo1_visibility_changed"]
[connection signal="pressed" from="VBox/HBox_top/top_texture2/HBox_buttons/Button_x" to="." method="_on_Button_x_pressed"]
[connection signal="pressed" from="VBox/body_texture/CancelButton" to="." method="_on_CancelButton_pressed"]
